%2005A&A...439..845L,
@ARTICLE{vvds, 
       author = {{Le F{\`e}vre}, O. and {Vettolani}, G. and {Garilli}, B. and
         {Tresse}, L. and {Bottini}, D. and {Le Brun}, V. and {Maccagni}, D. and
         {Picat}, J.~P. and {Scaramella}, R. and {Scodeggio}, M. and
         {Zanichelli}, A. and {Adami}, C. and {Arnaboldi}, M. and {Arnouts}, S. and
         {Bardelli}, S. and {Bolzonella}, M. and {Cappi}, A. and {Charlot}, S. and
         {Ciliegi}, P. and {Contini}, T. and {Foucaud}, S. and {Franzetti}, P. and
         {Gavignaud}, I. and {Guzzo}, L. and {Ilbert}, O. and {Iovino}, A. and
         {McCracken}, H.~J. and {Marano}, B. and {Marinoni}, C. and
         {Mathez}, G. and {Mazure}, A. and {Meneux}, B. and {Merighi}, R. and
         {Paltani}, S. and {Pell{\`o}}, R. and {Pollo}, A. and {Pozzetti}, L. and
         {Radovich}, M. and {Zamorani}, G. and {Zucca}, E. and {Bondi}, M. and
         {Bongiorno}, A. and {Busarello}, G. and {Lamareille}, F. and
         {Mellier}, Y. and {Merluzzi}, P. and {Ripepi}, V. and {Rizzo}, D.},
        title = "{The VIMOS VLT deep survey. First epoch VVDS-deep survey: 11 564 spectra with 17.5 {\ensuremath{\leq}} IAB {\ensuremath{\leq}} 24, and the redshift distribution over 0 {\ensuremath{\leq}} z {\ensuremath{\leq}} 5}",
      journal = {\aap},
     keywords = {cosmology: observations, galaxies: high-redshift, galaxies: distances and redshift, surveys, galaxies:, evolution, cosmology: large scale structure of Universe, Astrophysics},
         year = 2005,
        month = sep,
       volume = {439},
       number = {3},
        pages = {845-862},
          doi = {10.1051/0004-6361:20041960},
archivePrefix = {arXiv},
       eprint = {astro-ph/0409133},
 primaryClass = {astro-ph},
       adsurl = {https://ui.adsabs.harvard.edu/abs/2005A&A...439..845L},
      adsnote = {Provided by the SAO/NASA Astrophysics Data System}
}



@ARTICLE{sdssmain,
       author = {{Strauss}, Michael A. and {Weinberg}, David H. and {Lupton}, Robert H. and
         {Narayanan}, Vijay K. and {Annis}, James and {Bernardi}, Mariangela and
         {Blanton}, Michael and {Burles}, Scott and {Connolly}, A.~J. and
         {Dalcanton}, Julianne and {Doi}, Mamoru and {Eisenstein}, Daniel and
         {Frieman}, Joshua A. and {Fukugita}, Masataka and {Gunn}, James E. and
         {Ivezi{\'c}}, {\v{Z}}eljko and {Kent}, Stephen and {Kim}, Rita S.~J. and
         {Knapp}, G.~R. and {Kron}, Richard G. and {Munn}, Jeffrey A. and
         {Newberg}, Heidi Jo and {Nichol}, R.~C. and {Okamura}, Sadanori and
         {Quinn}, Thomas R. and {Richmond}, Michael W. and {Schlegel}, David J. and
         {Shimasaku}, Kazuhiro and {SubbaRao}, Mark and {Szalay}, Alexander S. and
         {Vanden Berk}, Dan and {Vogeley}, Michael S. and {Yanny}, Brian and
         {Yasuda}, Naoki and {York}, Donald G. and {Zehavi}, Idit},
        title = "{Spectroscopic Target Selection in the Sloan Digital Sky Survey: The Main Galaxy Sample}",
      journal = {\aj},
     keywords = {Galaxies: Distances and Redshifts, Galaxies: Photometry, Surveys, Astrophysics},
         year = 2002,
        month = sep,
       volume = {124},
       number = {3},
        pages = {1810-1824},
          doi = {10.1086/342343},
archivePrefix = {arXiv},
       eprint = {astro-ph/0206225},
 primaryClass = {astro-ph},
       adsurl = {https://ui.adsabs.harvard.edu/abs/2002AJ....124.1810S},
      adsnote = {Provided by the SAO/NASA Astrophysics Data System}
}

